@MISC{test-code,
title = "{Benchmark Code}",
howpublished = {\\ \url{https://github.com/gigaroby/btbench}},
note = {Accessed: 2015-06-13}
}

@MISC{baseband,
title = "{Baseband Architecture}",
howpublished = {\\ \url{https://developer.bluetooth.org/TechnologyOverview/Pages/Baseband.aspx}},
note = {Accessed: 2015-05-20}
}

@MISC{l2cap,
title = "{L2CAP Architecture}",
howpublished = {\\
\url{https://developer.bluetooth.org/TechnologyOverview/Pages/L2CAP.aspx}},
note = {Accessed: 2015-05-20}
}

@MISC{android_message, 
title = "{android.os.Message}",
howpublished = {\\ \url{http://developer.android.com/reference/android/os/Message.html}},
note = {Accessed: 2015-05-25}
}

@MISC{bluez,
title = "{BlueZ official Linux Bluetooth protocol stack}",
howpublished = {\\ \url{http://www.bluez.org}},
note = {Accessed: 2015-05-25}
}

@MISC{bluedroid,
title = "{BlueDroid}",
howpublished = {\\ \url{https://source.android.com/devices/bluetooth.html}},
note = {Accessed: 2015-05-25}
}

@MISC{android_rfcomm,
title = "{Bluetooth | Android developers website}",
howpublished = {\\ \url{http://developer.android.com/guide/topics/connectivity/bluetooth.html}},
note = {Accessed: 2015-05-25}
}

@MISC{android_rfcomm_java_socket,
title = "{BluetoothSocket | Android developers website}",
howpublished = {\\ \url{http://developer.android.com/reference/android/bluetooth/BluetoothSocket.html}},
note = {Accessed: 2015-05-25}
}

@MISC{opengarden,
title = "{OpenGarden}",
howpublished = {\\ \url{https://opengarden.com/}}
}

@MISC{btle,
title = "{Bluetooth Smart}",
howpublished = {\\ \url{http://www.bluetooth.com/Pages/Bluetooth-Smart.aspx}},
note = {Accessed: 2015-05-28}
}

@MISC{wifi-direct,
title = "{Wi-Fi Direct}",
howpublished = {\\ \url{http://www.wi-fi.org/discover-wi-fi/wi-fi-direct}},
note = {Accessed: 2015-05-28}
}

@MISC{firechat-google-play-store,
title = "{Firechat on the Google Play Store}",
howpublished = {\\ \url{https://play.google.com/store/apps/details?id=com.opengarden.firechat&hl=en}},
note = {Accessed: 2015-05-28}
}

@MISC{firechat-google-play-store,
title = "{Firechat on the Google Play Store}",
howpublished = {\\ \url{https://play.google.com/store/apps/details?id=com.opengarden.firechat&hl=en}},
note = {Accessed: 2015-05-28}
}

@MISC{iraq-internet-filter,
title = "{Iraq Information Controls Update: Analyzing Internet Filtering and Mobile Apps}",
howpublished = {\\ \url{https://citizenlab.org/2014/07/iraq-information-controls-update-analyzing-internet-filtering-mobile-apps/#part2}},
note = {Accessed: 2015-05-28}
}

@MISC{iTrust,
title= "{iTrust - Trustworthy Distribution and Retrieval Network}",
howpublished = {\\ \url{http://itrust.ece.ucsb.edu/}}
}

@inproceedings{serval_multi_modal,
  title={Serval mesh software-wifi multi model management},
  author={Gardner-Stephen, Paul and Palaniswamy, Swapna},
  booktitle={Proceedings of the 1st International Conference on Wireless Technologies for Humanitarian Relief},
  pages={71--77},
  year={2011},
  organization={ACM}
}

@inproceedings{iTrust_http,
  title={Trustworthy distribution and retrieval of information over HTTP and the Internet},
  author={Lombera, I Michel and Chuang, Yung-Ting and Melliar-Smith, Peter Michael and Moser, Louise E},
  booktitle={Proceedings of the 3rd International Conference on Evolving Internet, Luxembourg City, Luxembourg},
  pages={7--13},
  year={2011}
}

@incollection{iTrust,
  title={iTrust: Trustworthy information publication, search and retrieval},
  author={Melliar-Smith, Peter Michael and Moser, Louise E and Lombera, Isai Michel and Chuang, Yung-Ting},
  booktitle={Distributed Computing and Networking},
  pages={351--366},
  year={2012},
  publisher={Springer}
}

@MISC{multipeer,
title = "{About Multipeer Connectivity}",
howpublished = {\\
\url{https://developer.apple.com/library/ios/documentation/MultipeerConnectivity/Reference/MultipeerConnectivityFramework/index.html}},
note = {Accessed: 2015-07-02}
}

@article{lte_advanced,
  title={Device-to-device communication as an underlay to LTE-advanced networks},
  author={Doppler, Klaus and Rinne, Mika and Wijting, Carl and Ribeiro, C{\'a}ssio B and Hugl, Klaus},
  journal={Communications Magazine, IEEE},
  volume={47},
  number={12},
  pages={42--49},
  year={2009},
  publisher={IEEE}
}

@article{firechat_hk,
  title={Hong Kong protests propel FireChat phone-to-phone app},
  author={Cohen, Noam},
  journal={The New York Times},
  year={2014}
}
